
@Article{Depraetere:17,
  author = "Depraetere, Nicolas and Vandebroek, Martina",
  title = "A comparison of variational approximations for fast inference in mixed logit models",
  journal = "Computational Statistics",
  year = "2017",
  volume = "32",
  number = "1",
  pages = "93--125",
}


@article{jj:2001,
author = {Jaakkola, Tommi and Jordan, Michael},
year = {2001},
month = {08},
pages = {},
title = {Bayesian Parameter Estimation Via Variational Methods},
volume = {10},
journal = {Stat. Comput},
}


@inproceedings{bouchard:07,
  title={Efficient Bounds for the Softmax Function and Applications to Approximate Inference in Hybrid models},
  author={Guillaume Bouchard},
  year={2007}
}

@book{bishop:06,
 author = {Bishop, Christopher M.},
 title = {Pattern Recognition and Machine Learning},
 year = {2006},
 isbn = {0387310738},
 publisher = {Springer-Verlag},
 address = {Berlin, Heidelberg},
} 


@article{jordan:94,
  title={Hierarchical Mixtures of Experts and the EM Algorithm},
  author={Michael I. Jordan and Robert A. Jacobs},
  journal={Neural Computation},
  year={1994},
  volume={6},
  pages={181-214}
}


@article{durante:17,
author = {Rigon, Tommaso and Durante, Daniele},
year = {2017},
month = {01},
pages = {},
title = {Logit stick-breaking priors for Bayesian density regression}
}

@article{dunsonpark:08,
author = {Dunson, David B. and Park, Ju-Hyun},
title = {Kernel stick-breaking processes},
journal = {Biometrika},
volume = {95},
number = {2},
pages = {307-323},
year = {2008},
}